@ARTICLE{Bond:etal:WordNetBahasa:2014,
  author={Bond, Francis and Lim, Lian Tze and Tang, Enya Kong and Riza, Hammam},
  year={2014},
  title={The combined {W}ordnet {B}ahasa},
  journal={\textsc{Nusa}: Linguistic studies of languages in and around {I}ndonesia},
  volume={57},
  pages={83--100},
  url={http://hdl.handle.net/10108/79286},
}

@INPROCEEDINGS{Boon:Lim:ICEEE2014,
author={Boon, Kah Ming and Lim, Lian Tze},
year={2014},
booktitle={Proceedings of the 3rd {I}nternational {C}onference on {E}-{L}earning and {E}-{T}echnologies in {E}ducation (\textsc{iceee} 2014)},
title={An Examination Question Paper Preparation System with Content-Style Separation and {B}loom's Taxonomy Categorisation},
address={Kuala Lumpur, Malaysia},
pages={39--47},
url={http://goo.gl/pfdUfm}
}

@MASTERSTHESIS{lim:2006:thesis,
  author = {Lim, Lian Tze},
  title = {Improving Translation Selection with Conceptual Vectors},
  school = {School of Computer Sciences, Universiti Sains Malaysia},
  year = {2006},
  type = {MSc thesis},
  address = {Penang, Malaysia},
  booktitle = {Proceedings of the {R}egional {C}omputer {S}cience {P}ostgraduate
	{C}olloquium ({R}e\textsc{cspc}'06)},
  keywords = {own},
  owner = {liantze},
  timestamp = {2006.11.12}
}

@INCOLLECTION{Tang:etal:Blexisma2:2009,
  author = {Tang, Enya Kong and Lim, Lian Tze and Ye, Hong Hoe and Didier Schwab},
  title = {Grid-enabled {B}lexisma2},
  booktitle = {Grid Computing Cluster: The Development and Integration of Grid Applications
	and Services},
  publisher = {Platform for Information \& Communication Technology Research, Universiti
	Sains Malaysia},
  year = {2009},
  editor = {Bahari Belaton and Lim, Lian Tze},
  pages = {23--26},
  address = {Penang, Malaysia},
  keywords = {own},
  owner = {liantzelim},
  timestamp = {2009.07.03}
}

@BOOK{Bahari:Lim:2009,
  title = {Grid Computing Cluster: The Development and Integration of Grid Services
	and Applications},
  publisher = {Platform for Information \& Communication Technology Research, Universiti
	Sains Malaysia},
  year = {2009},
  editor = {Bahari Belaton and Lim, Lian Tze},
  address = {Penang, Malaysia},
  isbn = {978-983-3986-58-3},
  keywords = {own},
  owner = {liantzelim},
  timestamp = {2009.06.27}
}

@misc{greshake2023youve,
      title={Not what you've signed up for: Compromising Real-World LLM-Integrated Applications with Indirect Prompt Injection}, 
      author={Kai Greshake and Sahar Abdelnabi and Shailesh Mishra and Christoph Endres and Thorsten Holz and Mario Fritz},
      year={2023},
      eprint={2302.12173},
      archivePrefix={arXiv},
      primaryClass={cs.CR}
}


  @misc{liu2023improvedllava,
          author={Liu, Haotian and Li, Chunyuan and Li, Yuheng and Lee, Yong Jae},
          title={Improved Baselines with Visual Instruction Tuning}, 
          publisher={arXiv:2310.03744},
          year={2023},
  }

  @inproceedings{liu2023llava,
    author      = {Liu, Haotian and Li, Chunyuan and Wu, Qingyang and Lee, Yong Jae},
    title       = {Visual Instruction Tuning},
    booktitle   = {NeurIPS},
    year        = {2023}
  }

@misc{touvron2023llama,
      title={Llama 2: Open Foundation and Fine-Tuned Chat Models}, 
      author={Hugo Touvron and Louis Martin and Kevin Stone and Peter Albert and Amjad Almahairi and Yasmine Babaei and Nikolay Bashlykov and Soumya Batra and Prajjwal Bhargava and Shruti Bhosale and Dan Bikel and Lukas Blecher and Cristian Canton Ferrer and Moya Chen and Guillem Cucurull and David Esiobu and Jude Fernandes and Jeremy Fu and Wenyin Fu and Brian Fuller and Cynthia Gao and Vedanuj Goswami and Naman Goyal and Anthony Hartshorn and Saghar Hosseini and Rui Hou and Hakan Inan and Marcin Kardas and Viktor Kerkez and Madian Khabsa and Isabel Kloumann and Artem Korenev and Punit Singh Koura and Marie-Anne Lachaux and Thibaut Lavril and Jenya Lee and Diana Liskovich and Yinghai Lu and Yuning Mao and Xavier Martinet and Todor Mihaylov and Pushkar Mishra and Igor Molybog and Yixin Nie and Andrew Poulton and Jeremy Reizenstein and Rashi Rungta and Kalyan Saladi and Alan Schelten and Ruan Silva and Eric Michael Smith and Ranjan Subramanian and Xiaoqing Ellen Tan and Binh Tang and Ross Taylor and Adina Williams and Jian Xiang Kuan and Puxin Xu and Zheng Yan and Iliyan Zarov and Yuchen Zhang and Angela Fan and Melanie Kambadur and Sharan Narang and Aurelien Rodriguez and Robert Stojnic and Sergey Edunov and Thomas Scialom},
      year={2023},
      eprint={2307.09288},
      archivePrefix={arXiv},
      primaryClass={cs.CL}
}
