% [1]
@article{Schomer:2005, 
  author="Paul D. Schomer", 
  title="Criteria for assessment of noise annoyance", 
  journaltitle="Noise Control Engineering", 
  year="2005"
}
% [2]
@article{Brown:2010, 
  author="A. L. Brown", 
  title="Soundscapes and environmental noise management", 
  journaltitle="Noise Control Engineering", 
  year="2010"
}
% [3]
@article{Directive:2002/49, 
  author="",
  title="Directive 2002/49/Ec of the European Parliament and of the Council of 25 June 2002 relating to the assessment and management of environmental Noise", 
  journaltitle="Official Journal of the European Communities", 
  year=2002
}
% [4]
@article{Booteldooren:2006, 
  author="Booteldooren, D. and De Coensel,  B. and De Muer, T.", 
  title="The temporal structure of urban soundscapes", 
  journaltitle="Journal of sound and vibration", 
  year=2006
}
% [5]
@article{Weinstein:1980,
  author="Weinstein, B.E.",
  title="Individual differences in critical tendencies on noise annoyance",
  journaltitle="Journal Sound and Vibration",
  year=1980
}
% [6]
@article{Ozcevik:2008,
  author="Ozcevik, A. and Yuksel, Can Z. and De Gregorio, L. and Maffei, L.",
  title="A study on the adaptation of soundscape to covered spaces",
  journaltitle="Inter-Noise 2007",
  year=2008
}
% [7]
@techreport{ISO:12913-1,
  type="Standard",
  key="ISO 12913-1:2014",
  year=2014,
  title={Acoustics -- Soundscape -- Part 1: Definition and conceptual framework.},
  address = {Geneva, CH},
  institution = {International Organization for Standardization},
  voulme=2014
}
% [8]
@techreport{ISO:12913-2,
  type="Standard",
  key="ISO 12913-2:2018",
  year=2018,
  title={Acoustics -- Soundscape -- Part 2: Data collection and reporting requirements},
  address = {Geneva, CH},
  institution = {International Organization for Standardization},
  voulme=2018
}
% [9]
@techreport{ISO:12913-3,
  type="Standard",
  key="ISO 12913-3:2019",
  year=2019,
  title={Acoustics -- Soundscape -- Part 3: Data analysis},
  address = {Geneva, CH},
  institution = {International Organization for Standardization},
  voulme=2019
}
% [10]
@article{Gaja:2003,
  author="Gaja, E. and Gimenez, A. and Sancho, S. and Reig, A.",
  title="Sampling techniques for the estimation of the annual equivalent noise level under urban traffic conditions",
  journaltitle="Applied Acoustics",
  year=2003
}
% [11]
@inproceedings{Neibo:2013,
  author="Neilbo, FL and Steele, D and Guastavino, C.",
  title="Investigating soundscape affordances through activity appropriateness",
  booktitle="Meetings on acoustics",
  organization="Acoustical Society of America",
  year=2013
}
% [12]
@inproceedings{Nilsson:2007,
  author="Nilsson, ME",
  title="Soundscape quality in urban open spaces",
  booktitle="Inter-Noise",
  organization="Institute of Noise Control Engineering",
  address="Poughkeepsie, New York, USA",
  year=2007
}
% [13]
@report{Manville:2014,
  author="Manville, C. and Cochrane, G. and Cave, J. and Millard, J. and Pederson, J.K. and Thaarup, R.K. and Liebe, A. and Wissner, M. and Massink, R. and Kotterink, B.",
  title="Mapping Smart Cities in the EU",
  type="Study",
  institution="Directorate General for Internal Policies, Policy Department A: Economic and Scientific Policy, European Parliament",
  year=2014,
  address="Brussels, Belgium"
}
% [14]
@techreport{ISO:266,
  type="Standard",
  key="ISO 266:1997",
  year=1997,
  title={Acoustics -- Preferred frequencies},
  address = {Geneva, CH},
  institution = {International Organization for Standardization},
  voulme=1997
}
% [15]
@techreport{ISO:9613-1,
  type="Standard",
  key="ISO 9613-1:1993",
  year=1993,
  title={Acoustics -- Attenuation of sound during propagation outdoors -- Part 1: Calculation of the absorption of sound by the atmosphere},
  address = {Geneva, CH},
  institution = {International Organization for Standardization},
  voulme=1993
}
% [16]
@article{Lewandowski:2008,
  author="Lewandowski, W. and Szumacher, I.",
  title="Sound as an asset of the landscape",
  journaltitle="Work of the cultural landscape committee",
  year=2008
}
% [17]
@inproceedings{Krishnamurthy:2018,
  author="Krishnamurthy, Siddhartha and Christian, Andrew and Rizzi, Stephen",
  title="Psychoacoustic Test to Determine Sound Quality Metric Indicators of Rotorcraft Noise Annoyance",
  booktitle="International Congress and Exposition on Noise Control Engineering",
  address="Chicago, IL, United States",
}
% [18]
@techreport{ITU-T:P800,
  type="Standard",
  key="ITU-T Rec. P.800",
  year=2018,
  title="Methods for subjective determination of transmission quality Series P: Telephone transmission quality",
  institution="International Telecommunications Union"
}
% [19]
@article{Sandrock:2008,
  author="Sandrock, Stephan and Griefahn, Barbara and Kaczmarek, Tomasz and Hafke, Honorata and Preis, Anna and Gjestland Truls",
  title="Experimental studies on annoyance caused by noises from trams and buses",
  year=2008,
  journaltitle="Journal of Sound and Vibration"
}
% [20]
@techreport{ITU-T:P800-2,
  type="Standard",
  key="ITU-T Rec. P.800",
  year=1996,
  title="Methods for subjective determination of transmission quality",
  institution="International Telecommunications Union"
}
% [21]
@book{burns2019kubernetes,
  title={Kubernetes: Up and Running: Dive into the Future of Infrastructure},
  author={Burns, B. and Beda, J. and Hightower, K.},
  isbn={9781492046509},
  year={2019},
  publisher={O'Reilly Media}
}
