@misc{projections,
    title = {healthdata.org covid projections},
    author = "healthdata.org {and} others",
    year = {2021},
    urldate = {2021-01-07},
    howpublished = "\url{https://covid19.healthdata.org/poland?view=total-deaths&tab=trend}"
}
@misc{key,
    author       = {OKO-press},
    title        = {Są przekonani, że walczą przeciw niewolnictwu i segregacji. Antyszczepionkowcy w Polsce},
    howpublished = {\url{https://oko.press/antyszczepionkowcy-w-polsce/}},
    year         = {2021}
}
