@misc{docker-compose:docs,
    howpublished = "\url{https://docs.docker.com/compose/compose-file/compose-file-v2/}",
    title = "Dokumentacja docker-compse, wersja druga",
    author = "Docker inc.",
    note = "Dostęp: 2021-01-02"
}
@misc{teoria:pw,
    howpublished = "\url{http://ilf.fizyka.pw.edu.pl/podrecznik/3/5/2}",
    title = "{Podręcznik Wydziału Fizyki Politechinki Warszawskiej}",
    author = "Politechnika Warszawska",
    note = "Dostęp: 2021-03-15"
}
@misc{dockerfile:docs,
    howpublished = "\url{https://docs.docker.com/engine/reference/builder/}",
    title = "Dokumentacja dockerfile",
    author = "Docker inc.",
    note = "Dostęp: 2021-01-02"
}
@misc{teoria:force,
    howpublished = "\url{https://www.sciencefacts.net/spring-force.html}",
    title = {What is Spring Force},
    author = {sciencefacts.net},
    note = "Dostęp: 2021-03-15",
    
}
@book{hightower2017kubernetes,
    title={Kubernetes: Up and Running: Dive into the Future of Infrastructure},
    author={Hightower, K. and Burns, B. and Beda, J.},
    isbn={9781491936016},
    url={https://books.google.pl/books?id=L5Q0DwAAQBAJ},
    year={2017},
    publisher={O'Reilly Media}
}
@book{wzor,
  author         = {Alicja Nawrot, Dorota Karolczak, Jadwiga Jaworska},
  title          = {Encyklopedia – fizyka z astronomią},
  publisher      = {GREG},
  year           = {2013}
}
